@book{Humble2010,
	Author = {Humble, Jez and Farley, David},
	Year = {2010},
	Title = {Continuous delivery : reliable software releases through build, test, and deployment automation},
	Edition = {1. Aufl.},
	ISBN = {978-0-321-60191-9},
	Publisher = {Pearson Education},
	Address = {Boston}
}
