@book{Humble2010,
	Author = {Humble, Jez and Farley, David},
	Year = {2010},
	Title = {{Continuous delivery : reliable software releases through build, test, and deployment automation}},
	Edition = {1. Aufl.},
	ISBN = {978-0-321-60191-9},
	Publisher = {Pearson Education},
	Address = {Boston}
}


@Mastersthesis{Breuer2009,
  type = {Master Thesis},
  author = {Dirk Breuer},
  title = {{Konzeption, prototypische Realisierung und szenariobasierte Validierung einer dienstorientierten Multimediaarchitektur}},
  school = {TH Köln (ehem. Fachhochschule Köln)},
  year = {2009},
}

@misc{FowlerDP,
  author = {Martin Fowler},
  title = {{DeploymentPipeline}},
  howpublished = "\url{https://martinfowler.com/bliki/DeploymentPipeline.html}",
  year = {2013},
  note = "abgerufen am 3.8.2017"
}
